<?xml version="1.0" encoding="UTF-8"?><collection xmlns="http://www.loc.gov/MARC21/slim"><record><leader>00341nam--2200121-i-4500</leader><controlfield tag="001">000036596</controlfield><controlfield tag="002">20161230</controlfield><controlfield tag="005">20161230201041</controlfield><controlfield tag="008">060222s1000------------r-----000-0-eng-d</controlfield><datafield ind1=" " ind2=" " tag="080"><subfield code="a">629.785(73)</subfield></datafield><datafield ind1=" " ind2=" " tag="245"><subfield code="a">Planetary exploration through year 2000. a core program</subfield></datafield><datafield ind1=" " ind2=" " tag="260"><subfield code="a">Washington, U.S.Government Printing Office, 1983, 29p</subfield></datafield><datafield ind1=" " ind2=" " tag="852"><subfield code="a">72505</subfield></datafield></record></collection>